@article {MCCULLAGH-OrdinalReg-Discussion-1980,
    AUTHOR = {McCullagh, Peter},
     TITLE = {Regression models for ordinal data},
   JOURNAL = {J. Roy. Statist. Soc. Ser. B},
  FJOURNAL = {Journal of the Royal Statistical Society. Series B.
              Methodological},
    VOLUME = {42},
      YEAR = {1980},
    NUMBER = {2},
     PAGES = {109--142},
      ISSN = {0035-9246},
     CODEN = {JSTBAJ},
   MRCLASS = {62H17 (62J05)},
  MRNUMBER = {MR583347 (81j:62107)},
MRREVIEWER = {Graham J. G. Upton},
}
@book {Marshall-Olkin-Book-2007,
    AUTHOR = {Marshall, Albert W. and Olkin, Ingram},
     TITLE = {Life distributions},
    SERIES = {Springer Series in Statistics},
      NOTE = {Structure of nonparametric, semiparametric, and parametric
              families},
 PUBLISHER = {Springer},
   ADDRESS = {New York},
      YEAR = {2007},
     PAGES = {xx+782},
      ISBN = {978-0-387-20333-1},
   MRCLASS = {62-02 (62E10 62N05)},
  MRNUMBER = {MR2344835},
}
@article {Agresti-StatMed-1999,
    AUTHOR = {Agresti, A},
     TITLE = {Modelling ordered categorical data: recent advances and future challenges},
   JOURNAL = {Statistics in Medicine},
  FJOURNAL = {Statistics in Medicine},
    VOLUME = {18},
      YEAR = {1999},
    NUMBER = {17-18 },
     PAGES = {2191--2207},
      ISSN = { },
     CODEN = { },
   MRCLASS = { },
  MRNUMBER = { },
MRREVIEWER = { },
}
@article {Cox-StatMed-1988,
    AUTHOR = {Cox, A},
     TITLE = {Multinomial regression models based on continuation ratios},
   JOURNAL = {Statistics in Medicine},
  FJOURNAL = {Statistics in Medicine},
    VOLUME = {7},
      YEAR = {1988},
    NUMBER = { },
     PAGES = {435--441},
      ISSN = { },
     CODEN = { },
   MRCLASS = { },
  MRNUMBER = { },
MRREVIEWER = { },
}
@article {Hausman-SpecificationTest-Economitrica-1978,
    AUTHOR = {Hausman, J. A.},
     TITLE = {Specification tests in econometrics},
   JOURNAL = {Econometrica},
  FJOURNAL = {Econometrica. Journal of the Econometric Society},
    VOLUME = {46},
      YEAR = {1978},
    NUMBER = {6},
     PAGES = {1251--1271},
      ISSN = {0012-9682},
     CODEN = {ECMTA7},
   MRCLASS = {62P20},
  MRNUMBER = {MR513692 (81d:62112)},
}
@article {Lin-Wei-GOF-CoxModel-Sinica-1991,
    AUTHOR = {Lin, D. Y. and Wei, L. J.},
     TITLE = {Goodness-of-fit tests for the general {C}ox regression model},
   JOURNAL = {Statist. Sinica},
  FJOURNAL = {Statistica Sinica},
    VOLUME = {1},
      YEAR = {1991},
    NUMBER = {1},
     PAGES = {1--17},
      ISSN = {1017-0405},
   MRCLASS = {62G10 (62J02)},
  MRNUMBER = {MR1101315 (92c:62026)},
}
@article {Newey-MLE-CondMomentTest-Specification-Economitrica-1985,
    AUTHOR = {Newey, Whitney K.},
     TITLE = {Maximum likelihood specification testing and conditional
              moment tests},
   JOURNAL = {Econometrica},
  FJOURNAL = {Econometrica. Journal of the Econometric Society},
    VOLUME = {53},
      YEAR = {1985},
    NUMBER = {5},
     PAGES = {1047--1070},
      ISSN = {0012-9682},
     CODEN = {ECMTA7},
   MRCLASS = {62P20},
  MRNUMBER = {MR809903 (86m:62197)},
}
@article {Newey-GMSpecification-J-Economics-1985,
    AUTHOR = {Newey, Whitney K.},
     TITLE = {Generalized method of moments specification testing},
   JOURNAL = {J. Econometrics},
  FJOURNAL = {Journal of Econometrics},
    VOLUME = {29},
      YEAR = {1985},
    NUMBER = {3},
     PAGES = {229--256},
      ISSN = {0304-4076},
     CODEN = {JECMB6},
   MRCLASS = {62P20 (62E20 62H10)},
  MRNUMBER = {MR820611 (87b:62137)},
}
@article {Rund-SpecificationInEcomomics-EcoReview-1984,
    AUTHOR = {Ruud, Paul A.},
     TITLE = {Tests of specification in econometrics},
      NOTE = {With comments by Trevor S. Breusch and Grayham E. Mizon, Jerry
              Hausman, Lung Fei Lee and Halbert White and with a reply by
              the author},
   JOURNAL = {Econometric Rev.},
  FJOURNAL = {Econometric Reviews},
    VOLUME = {3},
      YEAR = {1984},
    NUMBER = {2},
     PAGES = {211--276},
      ISSN = {0747-4938},
     CODEN = {ECREEP},
   MRCLASS = {62P20 (62F03 90A19)},
  MRNUMBER = {MR781618 (86i:62208)},
MRREVIEWER = {W. E. Griffiths},
}
@article {Hausman-McFadden-Specification-GLM-Economitica-1984,
    AUTHOR = {Hausman, Jerry and McFadden, Daniel},
     TITLE = {Specification tests for the multinomial logit model},
   JOURNAL = {Econometrica},
  FJOURNAL = {Econometrica. Journal of the Econometric Society},
    VOLUME = {52},
      YEAR = {1984},
    NUMBER = {5},
     PAGES = {1219--1240},
      ISSN = {0012-9682},
     CODEN = {ECMTA7},
   MRCLASS = {62P20},
  MRNUMBER = {MR763071 (85m:62230)},
}
@article {Holly-SpecificationTest-Economitrica-1982,
    AUTHOR = {Holly, Alberto},
     TITLE = {A remark on {H}ausman's specification test},
   JOURNAL = {Econometrica},
  FJOURNAL = {Econometrica. Journal of the Econometric Society},
    VOLUME = {50},
      YEAR = {1982},
    NUMBER = {3},
     PAGES = {749--759},
      ISSN = {0012-9682},
     CODEN = {ECMTA7},
   MRCLASS = {62P20},
  MRNUMBER = {MR662730 (83h:62166)},
}
@article {Dos-Santos-Berridge-StatMed-2000,
    AUTHOR = {Dos Santos, D. M. and Berridge, D. M.},
     TITLE = {A continuation ratio random effects model for repeated ordinal responses},
   JOURNAL = {Statistics in Medicine},
  FJOURNAL = {Statistics in Medicine},
    VOLUME = {7},
      YEAR = {2000},
    NUMBER = { },
     PAGES = {3377--3388},
      ISSN = { },
     CODEN = { },
   MRCLASS = { },
  MRNUMBER = { },
MRREVIEWER = { },
}
@article {Kvist-Gislason-Thyregod-2000,
    AUTHOR = {Kvist, T., Gislason, H. and Thyregod, P.},
     TITLE = {Using continuation ratio logits to analyze the variation of the age composition of fish catches},
   JOURNAL = {Journal of Applied Statistics},
  FJOURNAL = {Journal of Applied Statistics},
    VOLUME = {27},
      YEAR = {2000},
    NUMBER = { },
     PAGES = {303-319},
      ISSN = { },
     CODEN = { },
   MRCLASS = { },
  MRNUMBER = { },
MRREVIEWER = { },
}
@article {Rindorf-Lewy-2001,
    AUTHOR = {Rindorf, T. and Lewy, P.},
     TITLE = {Analysis of length and age distributions using continuation ratiuo logits},
   JOURNAL = {Canadian Journal of Fishery and Aquatic Sciences},
  FJOURNAL = {Journal of Applied Statistics},
    VOLUME = {58},
      YEAR = {2001},
    NUMBER = { },
     PAGES = {1141--1152},
      ISSN = { },
     CODEN = { },
   MRCLASS = { },
  MRNUMBER = { },
MRREVIEWER = { },
}
@article {White-1982,
    AUTHOR = {White, H},
     TITLE = {Maximum likelihood estimation of misspecified models},
   JOURNAL = {Econometrica},
  FJOURNAL = {Econometrica},
    VOLUME = {50},
      YEAR = {1982},
    NUMBER = { },
     PAGES = {1--26},
      ISSN = { },
     CODEN = { },
   MRCLASS = { },
  MRNUMBER = { },
MRREVIEWER = { },
}
@article {Farewell-LogisticRetrospective-Biometrika-1979,
    AUTHOR = {Farewell, V. T.},
     TITLE = {Some results on the estimation of logistic models based on
              retrospective data},
   JOURNAL = {Biometrika},
  FJOURNAL = {Biometrika},
    VOLUME = {66},
      YEAR = {1979},
    NUMBER = {1},
     PAGES = {27--32},
      ISSN = {0006-3444},
     CODEN = {BIOKAX},
   MRCLASS = {62F10},
  MRNUMBER = {MR529144 (80j:62031)},
MRREVIEWER = {Nanak Chand},
}
@article {Hemker-MeasurementContinuationRatio-2001,
    AUTHOR = {Hemker, Bas T. and van der Ark, L. Andries and Sijtsma, Klaas},
     TITLE = {On measurement properties of continuation ratio models},
   JOURNAL = {Psychometrika},
  FJOURNAL = {Psychometrika. A Journal of Quantitative Psychology},
    VOLUME = {66},
      YEAR = {2001},
    NUMBER = {4},
     PAGES = {487--506},
      ISSN = {0033-3123},
     CODEN = {PSYKA2},
   MRCLASS = {62D05},
  MRNUMBER = {MR1961909 (2004a:62029)},
}
@article {Martshall-Olkin-1997,
    AUTHOR = {Marshall, Albert W. and Olkin, Ingram},
     TITLE = {A new method for adding a parameter to a family of
              distributions with application to the exponential and
              {W}eibull families},
   JOURNAL = {Biometrika},
  FJOURNAL = {Biometrika},
    VOLUME = {84},
      YEAR = {1997},
    NUMBER = {3},
     PAGES = {641--652},
      ISSN = {0006-3444},
     CODEN = {BIOKAX},
   MRCLASS = {62N05 (60E05 62E15)},
  MRNUMBER = {MR1603936 (99h:62125)},
MRREVIEWER = {Barry C. Arnold},
}
@article {Wang-Caroll-RobustEst-LogisticCase-control-Biometrika-1993,
    AUTHOR = {Wang, C. Y. and Carroll, R. J.},
     TITLE = {On robust estimation in logistic case-control studies},
   JOURNAL = {Biometrika},
  FJOURNAL = {Biometrika},
    VOLUME = {80},
      YEAR = {1993},
    NUMBER = {1},
     PAGES = {237--241},
      ISSN = {0006-3444},
     CODEN = {BIOKAX},
   MRCLASS = {62J12},
  MRNUMBER = {MR1225228 (94h:62109)},
}
@article {Lin-Wei-GOFGenCoxModel-StatSinica-1991,
    AUTHOR = {Lin, D. Y. and Wei, L. J.},
     TITLE = {Goodness-of-fit tests for the general {C}ox regression model},
   JOURNAL = {Statist. Sinica},
  FJOURNAL = {Statistica Sinica},
    VOLUME = {1},
      YEAR = {1991},
    NUMBER = {1},
     PAGES = {1--17},
      ISSN = {1017-0405},
   MRCLASS = {62G10 (62J02)},
  MRNUMBER = {MR1101315 (92c:62026)},
}
@article {CosslettMLE-ChoiceSamples-1981,
    AUTHOR = {Cosslett, S},
     TITLE = {Maximum likelihood estimatiors for choice-based samples},
   JOURNAL = {Econometrica},
  FJOURNAL = {Econometrica},
    VOLUME = {49},
      YEAR = {1981},
    NUMBER = { },
     PAGES = {1289-1316},
      ISSN = { },
     CODEN = { },
   MRCLASS = { },
  MRNUMBER = { },
MRREVIEWER = { },
}
@article {Vardi-NonparEst-LengthBias-AnnStatist-1982,
    AUTHOR = {Vardi, Y.},
     TITLE = {Nonparametric estimation in the presence of length bias},
   JOURNAL = {Ann. Statist.},
  FJOURNAL = {The Annals of Statistics},
    VOLUME = {10},
      YEAR = {1982},
    NUMBER = {2},
     PAGES = {616--620},
      ISSN = {0090-5364},
     CODEN = {ASTSC7},
   MRCLASS = {62G05 (62N05)},
  MRNUMBER = {MR653536 (83j:62061)},
MRREVIEWER = {J. V. Deshpande},
}
@article {Vardi-EmpiricalDist_selectionBias-AnnStatist-1985,
    AUTHOR = {Vardi, Y.},
     TITLE = {Empirical distributions in selection bias models},
      NOTE = {With discussion by C. L. Mallows},
   JOURNAL = {Ann. Statist.},
  FJOURNAL = {The Annals of Statistics},
    VOLUME = {13},
      YEAR = {1985},
    NUMBER = {1},
     PAGES = {178--205},
      ISSN = {0090-5364},
     CODEN = {ASTSC7},
   MRCLASS = {62G05 (62P20)},
  MRNUMBER = {MR773161 (86f:62070)},
MRREVIEWER = {Winston T. Lin},
}
@article {Weinberg-Wacholder-ProspetiveAnalysisCaseControl-Biometrika-1993,
    AUTHOR = {Weinberg, Clarice R. and Wacholder, Sholom},
     TITLE = {Prospective analysis of case-control data under general
              multiplicative-intercept risk models},
   JOURNAL = {Biometrika},
  FJOURNAL = {Biometrika},
    VOLUME = {80},
      YEAR = {1993},
    NUMBER = {2},
     PAGES = {461--465},
      ISSN = {0006-3444},
     CODEN = {BIOKAX},
   MRCLASS = {62P10 (62F12)},
  MRNUMBER = {MR1243520 (94i:62158)},
}
@article {Hall-InfoMatrixTest-LinearModel-1987,
    AUTHOR = {Hall, A},
     TITLE = {The information matrix test for the linear model},
   JOURNAL = {The Review of Economic Studies},
  FJOURNAL = {The Review of Economic Studies},
    VOLUME = {54},
      YEAR = {1987},
    NUMBER = { },
     PAGES = {257--263},
      ISSN = { },
     CODEN = { },
   MRCLASS = { },
  MRNUMBER = { },
MRREVIEWER = { },
}
@article {MR529144,
    AUTHOR = {Farewell, V. T.},
     TITLE = {Some results on the estimation of logistic models based on
              retrospective data},
   JOURNAL = {Biometrika},
  FJOURNAL = {Biometrika},
    VOLUME = {66},
      YEAR = {1979},
    NUMBER = {1},
     PAGES = {27--32},
      ISSN = {0006-3444},
     CODEN = {BIOKAX},
   MRCLASS = {62F10},
  MRNUMBER = {MR529144 (80j:62031)},
MRREVIEWER = {Nanak Chand},
}
@book {Manski-McFadden-1981,
     TITLE = {Structural analysis of discrete data with econometric
              applications},
    EDITOR = {Manski, Charles F. and McFadden, Daniel},
 PUBLISHER = {MIT Press},
   ADDRESS = {Cambridge, Mass.},
      YEAR = {1981},
     PAGES = {xxv+477},
      ISBN = {0-262-13159-5},
   MRCLASS = {62P20 (90A05)},
  MRNUMBER = {MR658875 (83f:62158)},
}
@article {Tutz-SeqCateReg-CSDA-1991,
    AUTHOR = {Tutz, Gerhard},
     TITLE = {Sequential models in categorical regression},
   JOURNAL = {Comput. Statist. Data Anal.},
  FJOURNAL = {Computational Statistics \& Data Analysis},
    VOLUME = {11},
      YEAR = {1991},
    NUMBER = {3},
     PAGES = {275--295},
      ISSN = {0167-9473},
   MRCLASS = {62H17 (62L05)},
  MRNUMBER = {MR1116203 (92d:62071)},
}
@article {Horowitz-Bootstrap_InfoMatrixtest-1994,
    AUTHOR = {Horowitz, J. L},
     TITLE = {Bootstrap-based critical values for the information matrix test},
   JOURNAL = {Journal of Econometrics},
  FJOURNAL = {Journal of Econometrics},
    VOLUME = {61},
      YEAR = {1994},
    NUMBER = { },
     PAGES = {395-411},
      ISSN = { },
     CODEN = { },
   MRCLASS = { },
  MRNUMBER = { },
MRREVIEWER = { },
}
@article {Orme-SamllSample-InfoMatrixTest-1990,
    AUTHOR = {Orme,C},
     TITLE = {The small-sample performance of the information-matrix test},
   JOURNAL = {Journal of Econometrics},
  FJOURNAL = {Journal of Econometrics},
    VOLUME = {46},
      YEAR = {1990},
    NUMBER = { },
     PAGES = {309-331},
      ISSN = { },
     CODEN = { },
   MRCLASS = { },
  MRNUMBER = { },
MRREVIEWER = { },
}
@article {Croux-TestingInfoMatrixEquality-JSPI-2006,
    AUTHOR = {Croux, Christophe and Dhaene, Geert and Hoorelbeke, Dirk},
     TITLE = {Testing the information matrix equality with robust
              estimators},
   JOURNAL = {J. Statist. Plann. Inference},
  FJOURNAL = {Journal of Statistical Planning and Inference},
    VOLUME = {136},
      YEAR = {2006},
    NUMBER = {10},
     PAGES = {3583--3613},
      ISSN = {0378-3758},
     CODEN = {JSPIDN},
   MRCLASS = {Database Expansion Item},
  MRNUMBER = {MR2256278},
}
@article {Anderson-JRSSS-1984,
    AUTHOR = {Anderson, J. A.},
     TITLE = {Regression and ordered categorical variables},
   JOURNAL = {J. Roy. Statist. Soc. Ser. B},
  FJOURNAL = {Journal of the Royal Statistical Society. Series B.
              Methodological},
    VOLUME = {46},
      YEAR = {1984},
    NUMBER = {1},
     PAGES = {1--30},
      ISSN = {0035-9246},
     CODEN = {JSTBAJ},
   MRCLASS = {62J05},
  MRNUMBER = {MR745211 (85m:62135)},
}
@article {Begg-Gray-Biometrika-1984,
    AUTHOR = {Begg, Colin B. and Gray, Robert},
     TITLE = {Calculation of polychotomous logistic regression parameters
              using individualized regressions},
   JOURNAL = {Biometrika},
  FJOURNAL = {Biometrika},
    VOLUME = {71},
      YEAR = {1984},
    NUMBER = {1},
     PAGES = {11--18},
      ISSN = {0006-3444},
     CODEN = {BIOKAX},
   MRCLASS = {62J05},
  MRNUMBER = {MR738320 (85e:62125)},
}
@article {Greenland-BiometricalJournal-1985,
    AUTHOR = {Greenland, Sander},
     TITLE = {An application of logistic models to the analysis of ordinal
              responses},
   JOURNAL = {Biometrical J.},
  FJOURNAL = {Biometrical Journal. Journal of Mathematical Methods in
              Biosciences},
    VOLUME = {27},
      YEAR = {1985},
    NUMBER = {2},
     PAGES = {189--197},
      ISSN = {0323-3847},
     CODEN = {BIJODN},
   MRCLASS = {62P10},
  MRNUMBER = {MR805617},
}
@article {Owen-Biometrika-1988,
    AUTHOR = {Owen, Art B.},
     TITLE = {Empirical likelihood ratio confidence intervals for a single
              functional},
   JOURNAL = {Biometrika},
  FJOURNAL = {Biometrika},
    VOLUME = {75},
      YEAR = {1988},
    NUMBER = {2},
     PAGES = {237--249},
      ISSN = {0006-3444},
     CODEN = {BIOKAX},
   MRCLASS = {62G05 (62G10 62G15)},
  MRNUMBER = {MR946049 (90b:62047)},
MRREVIEWER = {Gregory Campbell},
}
@article {Owen-Ann-1990,
    AUTHOR = {Owen, Art},
     TITLE = {Empirical likelihood ratio confidence regions},
   JOURNAL = {Ann. Statist.},
  FJOURNAL = {The Annals of Statistics},
    VOLUME = {18},
      YEAR = {1990},
    NUMBER = {1},
     PAGES = {90--120},
      ISSN = {0090-5364},
     CODEN = {ASTSC7},
   MRCLASS = {62G30 (62A10 62G15)},
  MRNUMBER = {MR1041387 (91g:62037)},
MRREVIEWER = {Jon Stene},
}
@article {Qin-density-ratio-Biometrika-1998,
    AUTHOR = {Qin, Jing},
     TITLE = {Inferences for case-control and semiparametric two-sample
              density ratio models},
   JOURNAL = {Biometrika},
  FJOURNAL = {Biometrika},
    VOLUME = {85},
      YEAR = {1998},
    NUMBER = {3},
     PAGES = {619--630},
      ISSN = {0006-3444},
     CODEN = {BIOKAX},
   MRCLASS = {62N99 (62F10 62F12 62J02)},
  MRNUMBER = {MR1665814 (2000b:62200)},
MRREVIEWER = {Li-Xing Zhu},
}
@article {Qin-EPL-BiasedSampling-AnnStatist-1993,
    AUTHOR = {Qin, Jing},
     TITLE = {Empirical likelihood in biased sample problems},
   JOURNAL = {Ann. Statist.},
  FJOURNAL = {The Annals of Statistics},
    VOLUME = {21},
      YEAR = {1993},
    NUMBER = {3},
     PAGES = {1182--1196},
      ISSN = {0090-5364},
     CODEN = {ASTSC7},
   MRCLASS = {62G15},
  MRNUMBER = {MR1241264 (94h:62087)},
MRREVIEWER = {Lionel Weiss},
}
@article {Prentice-Pyke-LogisticCasecontrol-Biometrika-1979,
    AUTHOR = {Prentice, R. L. and Pyke, R.},
     TITLE = {Logistic disease incidence models and case-control studies},
   JOURNAL = {Biometrika},
  FJOURNAL = {Biometrika},
    VOLUME = {66},
      YEAR = {1979},
    NUMBER = {3},
     PAGES = {403--411},
      ISSN = {0006-3444},
     CODEN = {BIOKAX},
   MRCLASS = {62F99 (62P10)},
  MRNUMBER = {MR556730 (81c:62042)},
MRREVIEWER = {George W. Williams},
}
@article {Qin-Zhang-Biometrika-1997,
    AUTHOR = {Qin, Jing and Zhang, Biao},
     TITLE = {A goodness-of-fit test for logistic regression models based on
              case-control data},
   JOURNAL = {Biometrika},
  FJOURNAL = {Biometrika},
    VOLUME = {84},
      YEAR = {1997},
    NUMBER = {3},
     PAGES = {609--618},
      ISSN = {0006-3444},
     CODEN = {BIOKAX},
   MRCLASS = {62J12 (62G09)},
  MRNUMBER = {MR1603924},
}
@article {ZhangBiao-Biometrika-1999,
    AUTHOR = {Zhang, Biao},
     TITLE = {A chi-squared goodness-of-fit test for logistic regression
              models based on case-control data},
   JOURNAL = {Biometrika},
  FJOURNAL = {Biometrika},
    VOLUME = {86},
      YEAR = {1999},
    NUMBER = {3},
     PAGES = {531--539},
      ISSN = {0006-3444},
     CODEN = {BIOKAX},
   MRCLASS = {62J12 (62G10)},
  MRNUMBER = {MR1723776 (2000h:62084)},
}
@article {ZhangBiao-Biometrika-2001,
    AUTHOR = {Zhang, Biao},
     TITLE = {An information matrix test for logistic regression models
              based on case-control data},
   JOURNAL = {Biometrika},
  FJOURNAL = {Biometrika},
    VOLUME = {88},
      YEAR = {2001},
    NUMBER = {4},
     PAGES = {921--932},
      ISSN = {0006-3444},
     CODEN = {BIOKAX},
   MRCLASS = {62J12},
  MRNUMBER = {MR1872210},
}
@article {ZhangBiao-JMA-2002,
    AUTHOR = {Zhang, Biao},
     TITLE = {Assessing goodness-of-fit of generalized logit models based on
              case-control data},
   JOURNAL = {J. Multivariate Anal.},
  FJOURNAL = {Journal of Multivariate Analysis},
    VOLUME = {82},
      YEAR = {2002},
    NUMBER = {1},
     PAGES = {17--38},
      ISSN = {0047-259X},
   MRCLASS = {62H15 (62E20 62J12)},
  MRNUMBER = {MR1918613 (2003f:62077)},
}
@article {ZhangBiao-AustrNZJS-2004,
    AUTHOR = {Zhang, Biao},
     TITLE = {Assessing goodness-of-fit of categorical regression models
              based on case-control data},
   JOURNAL = {Aust. N. Z. J. Stat.},
  FJOURNAL = {Australian \& New Zealand Journal of Statistics},
    VOLUME = {46},
      YEAR = {2004},
    NUMBER = {3},
     PAGES = {407--423},
      ISSN = {1369-1473},
   MRCLASS = {62G10 (62G09)},
  MRNUMBER = {MR2088980},
}
@article {Peng-Zhang-JSPI-2008,
    AUTHOR = {Peng, Cheng and Zhang, Biao},
     TITLE = {A note on goodness-of-fit test for continuation ratio logistic
              Regression Models under Case-control Data},
   JOURNAL = {JSPI},
  FJOURNAL = {Journal of Statistical Planning and Inference},
    VOLUME = {138},
      YEAR = {2008},
    NUMBER = { },
     PAGES = {2355--2365},
      ISSN = {},
   MRCLASS = {},
  MRNUMBER = {},
}
@book{Fienberg-book-1978,
    AUTHOR = {Fienberg, S. E.},
     TITLE = {The Analysis of cross clasified categorical data},
    SERIES = {},
 PUBLISHER = {MIT-Press},
   ADDRESS = {Cambridge},
      YEAR = {1978},
     PAGES = { },
      ISBN = { },
   MRCLASS = { },
  MRNUMBER = { },
}
@PhdThesis{Peng-2003,
  author =	 {Cheng Peng},
  title =    {Fitting and Testing Continuation Ratio Logistic Regression Models Based on Case-control Data},
  school =	 {University of Toledo},
  year =	 {2003},
  address =	 {Toledo USA},
}

@article {Gilbert-GOF-BiasSampling-JSPI-2005,
    AUTHOR = {Gilbert, Peter B.},
     TITLE = {Goodness-of-fit tests for semiparametric biased sampling models},
   JOURNAL = {JSPI},
  FJOURNAL = {Journal of Statistical Planning and Inference},
    VOLUME = {118},
      YEAR = {2005},
    NUMBER = { },
     PAGES = {51--81},
      ISSN = {0006-3444},
     CODEN = {BIOKAX},
   MRCLASS = {62F10 (62G05 62H17 62P10)},
  MRNUMBER = {MR1688069 (2000a:62044)},
}
@article {Gilbert-Biometrika-1999,
    AUTHOR = {Gilbert, Peter B. and Lele, Subhash R. and Vardi, Yehuda},
     TITLE = {Maximum likelihood estimation in semiparametric selection bias
              models with application to {AIDS} vaccine trials},
   JOURNAL = {Biometrika},
  FJOURNAL = {Biometrika},
    VOLUME = {86},
      YEAR = {1999},
    NUMBER = {1},
     PAGES = {27--43},
      ISSN = {0006-3444},
     CODEN = {BIOKAX},
   MRCLASS = {62F10 (62G05 62H17 62P10)},
  MRNUMBER = {MR1688069 (2000a:62044)},
}
@article {Scott-Wild-LogisticCaseControl-MLE-Biometrika-1997,
    AUTHOR = {Scott, A. J. and Wild, C. J.},
     TITLE = {Fitting regression models to case-control data by maximum
              likelihood},
   JOURNAL = {Biometrika},
  FJOURNAL = {Biometrika},
    VOLUME = {84},
      YEAR = {1997},
    NUMBER = {1},
     PAGES = {57--71},
      ISSN = {0006-3444},
     CODEN = {BIOKAX},
   MRCLASS = {62J12},
  MRNUMBER = {MR1450191 (98k:62128)},
MRREVIEWER = {Rahul Mukerjee},
}
@article {Scott-Wild-CaseControl-ChoiceBasedSampling-JRSSSB-1986,
    AUTHOR = {Scott, A. J. and Wild, C. J.},
     TITLE = {Fitting logistic models under case-control or choice based
              sampling},
   JOURNAL = {J. Roy. Statist. Soc. Ser. B},
  FJOURNAL = {Journal of the Royal Statistical Society. Series B.
              Methodological},
    VOLUME = {48},
      YEAR = {1986},
    NUMBER = {2},
     PAGES = {170--182},
      ISSN = {0035-9246},
     CODEN = {JSTBAJ},
   MRCLASS = {62D05 (92A15)},
  MRNUMBER = {MR867995 (87m:62040)},
}
@article {Scott-Wild-MLE-CaseControl-JSPI-2001,
    AUTHOR = {Scott, A. J. and Wild, C. J.},
     TITLE = {Maximum likelihood for generalised case-control studies},
      NOTE = {Statistical design of medical experiments, II},
   JOURNAL = {J. Statist. Plann. Inference},
  FJOURNAL = {Journal of Statistical Planning and Inference},
    VOLUME = {96},
      YEAR = {2001},
    NUMBER = {1},
     PAGES = {3--27},
      ISSN = {0378-3758},
     CODEN = {JSPIDN},
   MRCLASS = {62J99 (62D05 62L99)},
  MRNUMBER = {MR1843447},
}
@article {Neuhaus-Scott-Wild-AnalyRetrospevtiveStudies-Biometrika-2002,
    AUTHOR = {Neuhaus, J. and Scott, A. J. and Wild, C. J.},
     TITLE = {The analysis of retrospective family studies},
   JOURNAL = {Biometrika},
  FJOURNAL = {Biometrika},
    VOLUME = {89},
      YEAR = {2002},
    NUMBER = {1},
     PAGES = {23--37},
      ISSN = {0006-3444},
     CODEN = {BIOKAX},
   MRCLASS = {62G05 (62P10)},
  MRNUMBER = {MR1888343},
}
@article {Wild-FitProspective-to-Casecontrol-Biometrika-1991,
    AUTHOR = {Wild, C. J.},
     TITLE = {Fitting prospective regression models to case-control data},
   JOURNAL = {Biometrika},
  FJOURNAL = {Biometrika},
    VOLUME = {78},
      YEAR = {1991},
    NUMBER = {4},
     PAGES = {705--717},
      ISSN = {0006-3444},
     CODEN = {BIOKAX},
   MRCLASS = {62J05},
  MRNUMBER = {MR1147008},
}
@article {Hieeh-Manski-McFadden-EstRespProb-RetrospectiveObs-JASA-1985,
    AUTHOR = {Hsieh,D. A., Manski, C. F. and McFadden, D},
     TITLE = {Estimation of response probabilities from augmented retrospective observations},
   JOURNAL = {JASA},
  FJOURNAL = {Journal of the American Statistical Association},
    VOLUME = {80},
      YEAR = {1985},
    NUMBER = {391},
     PAGES = {651--662},
      ISSN = {},
     CODEN = {},
   MRCLASS = {},
  MRNUMBER = {},
}
@article {Storer-Wacholder-Breslow-MLE-GenRisk-StratData-ApplStat-1983,
    AUTHOR = {Storer, B. E., Wacholder, S. and Breslow, N. E.},
     TITLE = {Maximum likelihood fitting of general risk models to stratified data},
   JOURNAL = {Appl. Statist.},
  FJOURNAL = {Applied Statistics},
    VOLUME = {32},
      YEAR = {1983},
    NUMBER = {2},
     PAGES = {172--181},
      ISSN = {},
     CODEN = {},
   MRCLASS = {},
  MRNUMBER = {},
}
@article {Gill-Vardi-Weller-LargeSampleECDF-BiasedSampling-AnnStatist-1988,
    AUTHOR = {Gill, Richard D. and Vardi, Yehuda and Wellner, Jon A.},
     TITLE = {Large sample theory of empirical distributions in biased
              sampling models},
   JOURNAL = {Ann. Statist.},
  FJOURNAL = {The Annals of Statistics},
    VOLUME = {16},
      YEAR = {1988},
    NUMBER = {3},
     PAGES = {1069--1112},
      ISSN = {0090-5364},
     CODEN = {ASTSC7},
   MRCLASS = {62G05 (60F17)},
  MRNUMBER = {MR959189 (89i:62061)},
MRREVIEWER = {Kumar Joag-Dev},
}
@book {McCullagh-Nelder-book-1989,
    AUTHOR = {McCullagh, P and Nelder, J. A},
     TITLE = {Generalized Linear Models},
    SERIES = {},
 PUBLISHER = {Chapman and Hall},
   ADDRESS = {},
      YEAR = {1989},
     PAGES = { },
      ISBN = { },
   MRCLASS = { },
  MRNUMBER = { },
}
@book {Aggresti-CDA-2002,
    AUTHOR = {Agresti, A.},
     TITLE = {Categorical Data Analysis},
    SERIES = {},
 PUBLISHER = {Wiley \& Sons, Inc.},
   ADDRESS = {},
      YEAR = {2002},
     PAGES = { },
      ISBN = { },
   MRCLASS = { },
  MRNUMBER = { },
}
